<record xmlns="http://www.loc.gov/MARC21/slim" xmlns:xsi="http://www.w3.org/2001/XMLSchema-instance" xsi:schemaLocation="http://www.loc.gov/MARC21/slim http://www.loc.gov/standards/marcxml/schema/MARC21slim.xsd"><leader>02504nam a2200445   4500</leader><controlfield tag="001">2687789</controlfield><controlfield tag="003">NIC</controlfield><controlfield tag="006">m        d        </controlfield><controlfield tag="007">cr cn |||m|||a</controlfield><controlfield tag="008">150113s1881    tu      o     000 0 araod</controlfield><datafield ind1=" " ind2=" " tag="040"><subfield code="a">NNU</subfield><subfield code="b">eng</subfield><subfield code="e">rda</subfield><subfield code="c">NNU</subfield></datafield><datafield ind1=" " ind2="4" tag="050"><subfield code="a">PE1111</subfield><subfield code="b">.S43 1881</subfield></datafield><datafield ind1="1" ind2=" " tag="100"><subfield code="6">880-01</subfield><subfield code="a">Shidya&#772;q, Ah&#803;mad Fa&#772;ris,</subfield><subfield code="d">1804?-1887.</subfield></datafield><datafield ind1="1" ind2="0" tag="240"><subfield code="6">880-02</subfield><subfield code="a">Ba&#772;ku&#772;rah al-shahi&#772;yah fi&#772; nah&#803;w al-lughah al-Inkili&#772;zi&#772;yah</subfield></datafield><datafield ind1="1" ind2="0" tag="245"><subfield code="6">880-03</subfield><subfield code="a">Kita&#772;b al-ba&#772;ku&#772;rah al-shahi&#772;yah fi&#772; nah&#803;w al-lughah al-Inkili&#772;zi&#772;yah /</subfield><subfield code="c">ta&#700;li&#772;f Ah&#803;mad Fa&#772;ris.</subfield></datafield><datafield ind1=" " ind2=" " tag="250"><subfield code="6">880-04</subfield><subfield code="a">al-T&#803;ab&#699;ah 2.</subfield></datafield><datafield ind1=" " ind2=" " tag="260"><subfield code="6">880-05</subfield><subfield code="a">Qust&#803;ant&#803;i&#772;ni&#772;yah :</subfield><subfield code="b">Mat&#803;ba&#699;at al-Jawa&#772;&#700;ib,</subfield><subfield code="c">1299 [1881 or 1882]</subfield></datafield><datafield ind1=" " ind2=" " tag="300"><subfield code="a">online resource (325 pages)</subfield></datafield><datafield ind1=" " ind2=" " tag="336"><subfield code="a">text</subfield><subfield code="2">rdacontent</subfield></datafield><datafield ind1=" " ind2=" " tag="337"><subfield code="a">computer</subfield><subfield code="2">rdamedia</subfield></datafield><datafield ind1=" " ind2=" " tag="338"><subfield code="a">online resource</subfield><subfield code="2">rdacarrier</subfield></datafield><datafield ind1=" " ind2=" " tag="500"><subfield code="a">Part of the Arabic Collections Online (ACO) project, contributed by Cornell University Libraries.</subfield></datafield><datafield ind1=" " ind2=" " tag="533"><subfield code="a">Electronic reproduction.</subfield><subfield code="b">New York, N.Y. :</subfield><subfield code="c">New York University,</subfield><subfield code="d">2015.</subfield><subfield code="5">NNU</subfield></datafield><datafield ind1=" " ind2="0" tag="650"><subfield code="a">English language</subfield><subfield code="x">Grammar</subfield><subfield code="y">1870-1949.</subfield></datafield><datafield ind1=" " ind2="7" tag="650"><subfield code="a">English language</subfield><subfield code="x">Grammar.</subfield><subfield code="2">fast</subfield><subfield code="0">(OCoLC)fst00911209</subfield></datafield><datafield ind1=" " ind2="7" tag="648"><subfield code="a">1870 - 1949</subfield><subfield code="2">fast</subfield></datafield><datafield ind1="2" ind2=" " tag="710"><subfield code="6">880-06</subfield><subfield code="a">Mat&#803;ba&#699;at al-Jawa&#772;&#700;ib.</subfield></datafield><datafield ind1="2" ind2=" " tag="710"><subfield code="a">Cornell University.</subfield><subfield code="b">Libraries.</subfield></datafield><datafield ind1="0" ind2=" " tag="730"><subfield code="a">Arabic Collections Online.</subfield></datafield><datafield ind1="0" ind2="8" tag="776"><subfield code="i">Online version:</subfield><subfield code="a">Shidya&#772;q, Ah&#803;mad Fa&#772;ris, 1804?-1887.</subfield><subfield code="s">Ba&#772;ku&#772;rah al-shahi&#772;yah fi&#772; nah&#803;w al-lughah al-Inkili&#772;zi&#772;yah.</subfield><subfield code="t">Kita&#772;b al-ba&#772;ku&#772;rah al-shahi&#772;yah fi&#772; nah&#803;w al-lughah al-Inkili&#772;zi&#772;yah.</subfield><subfield code="b">al-T&#803;ab&#699;ah 2.</subfield><subfield code="d">Qust&#803;ant&#803;i&#772;ni&#772;yah : Mat&#803;ba&#699;at al-Jawa&#772;&#700;ib, 1299 [1881 or 1882]</subfield><subfield code="w">(OCoLC)780208788</subfield></datafield><datafield ind1="0" ind2="8" tag="776"><subfield code="i">Print version:</subfield><subfield code="a">Shidya&#772;q, Ah&#803;mad Fa&#772;ris, 1804?-1887.</subfield><subfield code="t">Kita&#772;b al-ba&#772;ku&#772;rah al-shahi&#772;yah fi&#772; nah&#803;w al-lughah al-Inkili&#772;zi&#772;yah</subfield><subfield code="w">(NIC)2687789</subfield><subfield code="w">(OCoLC)11480764</subfield></datafield><datafield ind1="4" ind2="0" tag="856"><subfield code="u">http://hdl.handle.net/2333.1/63xsj61m</subfield></datafield><datafield ind1="1" ind2=" " tag="880"><subfield code="6">100-01/r</subfield><subfield code="a">&#1588;&#1583;&#1610;&#1575;&#1602;&#1548; &#1575;&#1581;&#1605;&#1583; &#1601;&#1575;&#1585;&#1587;&#1548;,</subfield><subfield code="d">1804?-1887.</subfield></datafield><datafield ind1="1" ind2="0" tag="880"><subfield code="6">240-02/r</subfield><subfield code="a">&#1576;&#1575;&#1603;&#1608;&#1585;&#1577; &#1575;&#1604;&#1588;&#1607;&#1610;&#1577; &#1601;&#1610; &#1606;&#1581;&#1608; &#1575;&#1604;&#1604;&#1594;&#1577; &#1575;&#1604;&#1575;&#1606;&#1603;&#1604;&#1610;&#1586;&#1610;&#1577;</subfield></datafield><datafield ind1="1" ind2="0" tag="880"><subfield code="6">245-03/r</subfield><subfield code="a">&#1603;&#1578;&#1575;&#1576; &#1575;&#1604;&#1576;&#1575;&#1603;&#1608;&#1585;&#1577; &#1575;&#1604;&#1588;&#1607;&#1610;&#1577; &#1601;&#1610; &#1606;&#1581;&#1608; &#1575;&#1604;&#1604;&#1594;&#1577; &#1575;&#1604;&#1575;&#1606;&#1603;&#1604;&#1610;&#1586;&#1610;&#1577; /</subfield><subfield code="c">&#1578;&#1571;&#1604;&#1610;&#1601; &#1575;&#1581;&#1605;&#1583; &#1601;&#1575;&#1585;&#1587;.</subfield></datafield><datafield ind1=" " ind2=" " tag="880"><subfield code="6">250-04/r</subfield><subfield code="a">&#1575;&#1604;&#1591;&#1576;&#1593;&#1577; 2.</subfield></datafield><datafield ind1=" " ind2=" " tag="880"><subfield code="6">260-05/r</subfield><subfield code="a">&#1602;&#1587;&#1591;&#1606;&#1591;&#1610;&#1606;&#1610;&#1577; :</subfield><subfield code="b">&#1605;&#1591;&#1576;&#1593;&#1577; &#1575;&#1604;&#1580;&#1608;&#1575;&#1574;&#1576;&#1548;</subfield><subfield code="c">1299 [1881 or 1882]</subfield></datafield><datafield ind1="2" ind2=" " tag="880"><subfield code="6">710-06/r</subfield><subfield code="a">&#1605;&#1591;&#1576;&#1593;&#1577; &#1575;&#1604;&#1580;&#1608;&#1575;&#1574;&#1576;.</subfield></datafield><datafield ind1=" " ind2=" " tag="959"><subfield code="a">NNU</subfield><subfield code="b">WEB</subfield><subfield code="c">GENI</subfield><subfield code="t">0</subfield><subfield code="m">Electronic access</subfield><subfield code="s">01</subfield></datafield><datafield ind1=" " ind2=" " tag="999"><subfield code="i">NIC_2687789</subfield><subfield code="o">(OCoLC)ocm11480764 </subfield></datafield></record>